<?xml version="1.0" encoding="UTF-8"?><collection xmlns="http://www.loc.gov/MARC21/slim"><record><leader>00315nam--2200121-i-4500</leader><controlfield tag="001">000023832</controlfield><controlfield tag="002">20161230</controlfield><controlfield tag="005">20161230201035</controlfield><controlfield tag="008">060222s1000------------r-----000-0-eng-d</controlfield><datafield ind1=" " ind2=" " tag="080"><subfield code="a">551.49:621.039.8(061.3)</subfield></datafield><datafield ind1=" " ind2=" " tag="245"><subfield code="a">Isotope hydrology</subfield></datafield><datafield ind1=" " ind2=" " tag="260"><subfield code="a">Vienna,International Atomic Energy Agency, 1979. 440p</subfield></datafield><datafield ind1=" " ind2=" " tag="852"><subfield code="a">46645</subfield></datafield></record></collection>